<record><leader>00000cas a2200000 a 4500</leader><controlfield tag="001">9343111</controlfield><controlfield tag="008">830324d18131816dcucr ne      0    0eng  </controlfield><datafield ind1=" " ind2=" " tag="010"><subfield code="a">sn 83016036 </subfield></datafield><datafield ind1=" " ind2=" " tag="040"><subfield code="a">DLC</subfield><subfield code="b">eng</subfield><subfield code="c">DLC</subfield><subfield code="d">NPU</subfield><subfield code="d">NPX</subfield><subfield code="d">NPY</subfield><subfield code="d">NPA</subfield><subfield code="d">NPX</subfield><subfield code="d">NPA</subfield><subfield code="d">PPM</subfield><subfield code="d">YOX</subfield><subfield code="d">DLC</subfield><subfield code="d">NPA</subfield><subfield code="d">NPI</subfield><subfield code="d">DLC</subfield><subfield code="d">MFN</subfield><subfield code="d">NYS</subfield><subfield code="d">KNP</subfield><subfield code="d">MGN</subfield><subfield code="d">NVK</subfield><subfield code="d">IUL</subfield><subfield code="d">NVJ</subfield><subfield code="d">OCL</subfield><subfield code="d">NYS</subfield><subfield code="d">OCLCG</subfield><subfield code="d">DLC</subfield><subfield code="d">KRTAS</subfield><subfield code="d">DLC</subfield><subfield code="d">OCLCQ</subfield><subfield code="d">OCLCO</subfield><subfield code="d">OCLCF</subfield><subfield code="d">CUS</subfield><subfield code="d">AQM</subfield></datafield><datafield ind1=" " ind2=" " tag="019"><subfield code="a">194546395</subfield></datafield><datafield ind1="1" ind2=" " tag="029"><subfield code="a">AU@</subfield><subfield code="b">000020121392</subfield></datafield><datafield ind1=" " ind2=" " tag="042"><subfield code="a">pcc</subfield></datafield><datafield ind1=" " ind2=" " tag="043"><subfield code="a">n-us-dc</subfield></datafield><datafield ind1="0" ind2="0" tag="050"><subfield code="a">Newspaper 7291</subfield></datafield><datafield ind1="0" ind2=" " tag="130"><subfield code="a">Federal Republican (Georgetown, Washington, D.C. : Triweekly)</subfield></datafield><datafield ind1="1" ind2="0" tag="245"><subfield code="a">Federal Republican.</subfield></datafield><datafield ind1=" " ind2=" " tag="260"><subfield code="a">Georgetown, Col. [D.C. :</subfield><subfield code="b">A.C. Hanson and J. Wagner],</subfield><subfield code="c">1813-1816.</subfield></datafield><datafield ind1=" " ind2=" " tag="300"><subfield code="a">3 v. :</subfield><subfield code="b">ill. ;</subfield><subfield code="c">56 cm.</subfield></datafield><datafield ind1=" " ind2=" " tag="310"><subfield code="a">Semiweekly,</subfield><subfield code="b">Apr. 26, 1814-Apr. 2, 1816</subfield></datafield><datafield ind1=" " ind2=" " tag="321"><subfield code="a">Triweekly,</subfield><subfield code="b">Dec. 27, 1813-Apr. 23, 1814</subfield></datafield><datafield ind1="0" ind2=" " tag="362"><subfield code="a">Vol. 8, no. 1064 (Dec. 27, 1813)-v. 10, no. 1313 (Apr. 2, 1816).</subfield></datafield><datafield ind1=" " ind2=" " tag="500"><subfield code="a">Designated "For the Country" to distinguish it from the daily ed., Jan. 3, 1814-Apr. 3, 1816.</subfield></datafield><datafield ind1="4" ind2=" " tag="510"><subfield code="a">Brigham, C.S. Amer. newspapers,</subfield><subfield code="c">p. 89</subfield></datafield><datafield ind1=" " ind2=" " tag="515"><subfield code="a">Suspended Aug. 30, 1814.</subfield></datafield><datafield ind1=" " ind2=" " tag="530"><subfield code="a">Also issued on microfilm by Readex Microprint Corp. as part of the Early American newspapers series.</subfield></datafield><datafield ind1=" " ind2=" " tag="530"><subfield code="a">Also on microfilm from the Library of Congress, Photoduplication Service.</subfield></datafield><datafield ind1=" " ind2="0" tag="651"><subfield code="a">Georgetown (Washington, D.C.)</subfield><subfield code="v">Newspapers.</subfield></datafield><datafield ind1=" " ind2="0" tag="651"><subfield code="a">Washington (D.C.)</subfield><subfield code="v">Newspapers.</subfield></datafield><datafield ind1=" " ind2="7" tag="651"><subfield code="a">Washington (D.C.)</subfield><subfield code="2">fast</subfield><subfield code="0">(OCoLC)fst01204505</subfield></datafield><datafield ind1=" " ind2="7" tag="651"><subfield code="a">Washington (D.C.)</subfield><subfield code="z">Georgetown.</subfield><subfield code="2">fast</subfield><subfield code="0">(OCoLC)fst01314225</subfield></datafield><datafield ind1=" " ind2="7" tag="655"><subfield code="a">Newspapers.</subfield><subfield code="2">fast</subfield><subfield code="0">(OCoLC)fst01423814</subfield></datafield><datafield ind1=" " ind2="7" tag="655"><subfield code="a">Newspapers.</subfield><subfield code="2">rbgenr</subfield></datafield><datafield ind1="1" ind2=" " tag="700"><subfield code="a">Hanson, Alexander Contee,</subfield><subfield code="d">1786-1819.</subfield></datafield><datafield ind1="1" ind2=" " tag="700"><subfield code="a">Wagner, Jacob,</subfield><subfield code="d">1772-1825.</subfield></datafield><datafield ind1=" " ind2=" " tag="752"><subfield code="a">United States</subfield><subfield code="b">District of Columbia</subfield><subfield code="d">Washington.</subfield></datafield><datafield ind1=" " ind2=" " tag="752"><subfield code="a">United States</subfield><subfield code="b">District of Columbia</subfield><subfield code="d">Georgetown.</subfield></datafield><datafield ind1="0" ind2=" " tag="775"><subfield code="t">Federal Republican (Georgetown, Washington, D.C. : Daily)</subfield><subfield code="w">(DLC)sn 84038792</subfield><subfield code="w">(OCoLC)11525794</subfield></datafield><datafield ind1="0" ind2="0" tag="780"><subfield code="t">Federal Republican &amp; commercial gazette</subfield><subfield code="w">(DLC)sn 83016002</subfield><subfield code="w">(OCoLC)9290773</subfield></datafield><datafield ind1="0" ind2="7" tag="785"><subfield code="t">Baltimore telegraph</subfield><subfield code="w">(DLC)sn 84038791</subfield><subfield code="w">(OCoLC)11525623</subfield></datafield><datafield ind1="0" ind2="7" tag="785"><subfield code="t">Federal Republican and Baltimore telegraph (Baltimore, Md. : Semiweekly)</subfield><subfield code="w">(DLC)sn 83016034</subfield><subfield code="w">(OCoLC)9343237</subfield></datafield><datafield ind1="4" ind2="1" tag="856"><subfield code="3">12/27/1813 to 04/01/1816</subfield><subfield code="u">http://infoweb.newsbank.com/?db=EANX&amp;s_browseRef=decades/107A06EFAB5F8018/all.xml</subfield></datafield><datafield ind1=" " ind2=" " tag="938"><subfield code="a">Kirtas Technologies, Inc.</subfield><subfield code="b">KRTS</subfield><subfield code="n">736324</subfield></datafield></record>